<?xml version="1.0" encoding="utf-8"?>
<record xmlns="http://www.loc.gov/MARC21/slim" xmlns:xsi="http://www.w3.org/2001/XMLSchema-instance" xsi:schemaLocation="http://www.loc.gov/MARC21/slim http://www.loc.gov/standards/marcxml/schema/MARC21slim.xsd">
	<leader>     nam a22        4500</leader>
	<controlfield tag="001">2639128</controlfield>
	<controlfield tag="003">NNC</controlfield>
	<controlfield tag="006">m        d        </controlfield>
	<controlfield tag="007">cr cn |||m|||a</controlfield>
	<controlfield tag="008">160408m19459999ir cp   oe    000 0 araod</controlfield>
	<datafield ind1=" " ind2=" " tag="040">
		<subfield code="a">NNU</subfield>
		<subfield code="b">eng</subfield>
		<subfield code="e">rda</subfield>
		<subfield code="c">NNU</subfield>
	</datafield>
	<datafield ind1=" " ind2="4" tag="050">
		<subfield code="a">AE90.A7</subfield>
		<subfield code="b">A32</subfield>
	</datafield>
	<datafield ind1="1" ind2=" " tag="100">
		<subfield code="a">Aʻlamī, Muḥammad Ḥusayn,</subfield>
		<subfield code="d">1902-</subfield>
	</datafield>
	<datafield ind1="1" ind2="0" tag="245">
		<subfield code="a">Kitāb dāʼirat al-maʻārif :</subfield>
		<subfield code="b">al-musammāh bi-Muqtabis al-athar wa-mujaddid mā dathar /</subfield>
		<subfield code="c">taʼlīf al-Shaykh Muḥammad Ḥusayn al-Shaykh Sulaymān al-Aʻlamī al-Mihrajānī al-Ḥāʼirī.</subfield>
	</datafield>
	<datafield ind1="3" ind2=" " tag="246">
		<subfield code="a">Muqtabis al-athar wa-mujaddid mā dathar</subfield>
	</datafield>
	<datafield ind1="3" ind2=" " tag="246">
		<subfield code="a">Dāʼirāt al-maʻārif</subfield>
	</datafield>
	<datafield ind1=" " ind2=" " tag="250">
		<subfield code="a">al-Ṭabʻah 1.</subfield>
	</datafield>
	<datafield ind1=" " ind2=" " tag="260">
		<subfield code="a">Qum :</subfield>
		<subfield code="b">Matbaʻat al-Ḥikmah,</subfield>
		<subfield code="c">1374- [1954 or 5]-</subfield>
	</datafield>
	<datafield ind1=" " ind2=" " tag="300">
		<subfield code="a">online resource (volumes in) :</subfield>
		<subfield code="b">portrait</subfield>
	</datafield>
	<datafield ind1=" " ind2=" " tag="336">
		<subfield code="a">text</subfield>
		<subfield code="2">rdacontent</subfield>
	</datafield>
	<datafield ind1=" " ind2=" " tag="337">
		<subfield code="a">computer</subfield>
		<subfield code="2">rdamedia</subfield>
	</datafield>
	<datafield ind1=" " ind2=" " tag="338">
		<subfield code="a">online resource</subfield>
		<subfield code="2">rdacarrier</subfield>
	</datafield>
	<datafield ind1=" " ind2=" " tag="500">
		<subfield code="a">Cover title: Dāʼirat al -maʻārif, lil-ʻalāmah al-aʻlāmī.</subfield>
	</datafield>
	<datafield ind1=" " ind2=" " tag="500">
		<subfield code="a">Part of the Arabic Collections Online (ACO) project, contributed by Columbia University Libraries.</subfield>
	</datafield>
	<datafield ind1=" " ind2=" " tag="533">
		<subfield code="a">Electronic reproduction.</subfield>
		<subfield code="b">New York, N.Y. :</subfield>
		<subfield code="c">New York University,</subfield>
		<subfield code="d">2016.</subfield>
		<subfield code="5">NNU</subfield>
	</datafield>
	<datafield ind1=" " ind2="0" tag="650">
		<subfield code="a">Shiites</subfield>
		<subfield code="x">Dictionaries.</subfield>
	</datafield>
	<datafield ind1=" " ind2="0" tag="650">
		<subfield code="a">Encyclopedias and dictionaries, Arabic.</subfield>
	</datafield>
	<datafield ind1=" " ind2="7" tag="650">
		<subfield code="a">Encyclopedias and dictionaries, Arabic.</subfield>
		<subfield code="2">fast</subfield>
		<subfield code="0">(OCoLC)fst00909551</subfield>
	</datafield>
	<datafield ind1=" " ind2="7" tag="650">
		<subfield code="a">Shiites.</subfield>
		<subfield code="2">fast</subfield>
		<subfield code="0">(OCoLC)fst01115976</subfield>
	</datafield>
	<datafield ind1=" " ind2="7" tag="655">
		<subfield code="a">Dictionaries.</subfield>
		<subfield code="2">fast</subfield>
		<subfield code="0">(OCoLC)fst01423826</subfield>
	</datafield>
	<datafield ind1="2" ind2=" " tag="710">
		<subfield code="a">Columbia University.</subfield>
		<subfield code="b">Libraries.</subfield>
	</datafield>
	<datafield ind1="0" ind2=" " tag="730">
		<subfield code="a">Arabic Collections Online.</subfield>
	</datafield>
	<datafield ind1="0" ind2="8" tag="776">
		<subfield code="i">Online version:</subfield>
		<subfield code="a">Aʻlamī, Muḥammad Ḥusayn, 1902-</subfield>
		<subfield code="t">Kitāb dāʼirat al-maʻārif.</subfield>
		<subfield code="b">al-Ṭabʻah 1.</subfield>
		<subfield code="d">Qum : Matbaʻat al-Ḥikmah, 1374- [1954 or 5]-</subfield>
		<subfield code="w">(OCoLC)709431261</subfield>
	</datafield>
	<datafield ind1="0" ind2="8" tag="776">
		<subfield code="i">Print version:</subfield>
		<subfield code="a">Aʻlamī, Muḥammad Ḥusayn, 1902-</subfield>
		<subfield code="t">Kitāb dāʼirat al-maʻārif</subfield>
		<subfield code="w">(NNC)2639128</subfield>
		<subfield code="w">(DLC)   74961766 </subfield>
		<subfield code="w">(OCoLC)23499711</subfield>
	</datafield>
	<datafield ind1="4" ind2="0" tag="856">
		<subfield code="u">http://hdl.handle.net/2333.1/6m905v0d</subfield>
	</datafield>
	<datafield ind1=" " ind2=" " tag="959">
		<subfield code="a">NNU</subfield>
		<subfield code="b">WEB</subfield>
		<subfield code="c">GENI</subfield>
		<subfield code="t">0</subfield>
		<subfield code="m">Electronic access</subfield>
		<subfield code="s">01</subfield>
	</datafield>
	<datafield ind1=" " ind2=" " tag="999">
		<subfield code="i">NNC_2639128</subfield>
		<subfield code="o">(OCoLC)ocm23499711 </subfield>
		<subfield code="s">columbia_aco001862:v.1-2</subfield>
		<subfield code="s">columbia_aco001863:v.3-4</subfield>
		<subfield code="s">columbia_aco001864:v.5-6</subfield>
		<subfield code="s">columbia_aco001865:v.7-8</subfield>
		<subfield code="s">columbia_aco001866:v.9-10</subfield>
		<subfield code="s">columbia_aco001867:v.11-12</subfield>
		<subfield code="s">columbia_aco001868:v.13-14</subfield>
		<subfield code="s">columbia_aco001869:v.15-16</subfield>
		<subfield code="s">columbia_aco001870:v.21-22</subfield>
		<subfield code="s">columbia_aco001871:v.17-18</subfield>
		<subfield code="s">columbia_aco001872:v.19-20</subfield>
		<subfield code="s">columbia_aco001873:v.29-30</subfield>
		<subfield code="s">columbia_aco001874:v.27-28</subfield>
		<subfield code="s">columbia_aco001875:v.25-26</subfield>
		<subfield code="s">columbia_aco001876:v.23-24</subfield>
		<subfield code="e">(ERROR-880)</subfield>
	</datafield>
</record>
